@inproceedings{semeval2013,
  title={SemEval-2013 Task 9: Extraction of Drug-Drug Interactions from Biomedical Texts (DDIExtraction 2013)},
  author={Herrero-Zazo, Maria and Segura-Bedmar, Isabel and Mart{\'\i}nez, Paloma and Declerck, Thierry},
  booktitle={Proceedings of the Second Joint Conference on Lexical and Computational Semantics (* SEM), Volume 2: Proceedings of the Seventh International Workshop on Semantic Evaluation (SemEval 2013)},
  pages={341--350},
  year={2013},
  url={https://aclanthology.org/S13-2056.pdf}
}
